% Main DEC paper
@inproceedings{xie2016unsupervised,
  title={Unsupervised deep embedding for clustering analysis},
  author={Xie, Junyuan and Girshick, Ross and Farhadi, Ali},
  booktitle={International conference on machine learning},
  pages={478--487},
  year={2016}
}

% Use 50% dropout instead of DEC paper's 20%
@article{srivastava2014dropout,
  title={Dropout: a simple way to prevent neural networks from overfitting},
  author={Srivastava, Nitish and Hinton, Geoffrey and Krizhevsky, Alex and Sutskever, Ilya and Salakhutdinov, Ruslan},
  journal={The Journal of Machine Learning Research},
  volume={15},
  number={1},
  pages={1929--1958},
  year={2014},
  publisher={JMLR. org}
}

% SEC (method beaten by DEC)
@article{nie2011spectral,
  title={Spectral embedded clustering: A framework for in-sample and out-of-sample spectral clustering},
  author={Nie, Feiping and Zeng, Zinan and Tsang, Ivor W and Xu, Dong and Zhang, Changshui},
  journal={IEEE Transactions on Neural Networks},
  volume={22},
  number={11},
  pages={1796--1808},
  year={2011},
  publisher={IEEE}
}

% LDGMI (method beaten by DEC)
@article{yang2010image,
  title={Image clustering using local discriminant models and global integration},
  author={Yang, Yi and Xu, Dong and Nie, Feiping and Yan, Shuicheng and Zhuang, Yueting},
  journal={IEEE Transactions on Image Processing},
  volume={19},
  number={10},
  pages={2761--2773},
  year={2010},
  publisher={IEEE}
}

% DSCL - Deep Spectral Clustering Learning
@inproceedings{dscl_law2017deep,
  title={Deep spectral clustering learning},
  author={Law, Marc T and Urtasun, Raquel and Zemel, Richard S},
  booktitle={Proceedings of the 34th International Conference on Machine Learning-Volume 70},
  pages={1985--1994},
  year={2017},
  organization={JMLR. org}
}

% Convolutional autoencoders
@inproceedings{masci2011stacked,
  title={Stacked convolutional auto-encoders for hierarchical feature extraction},
  author={Masci, Jonathan and Meier, Ueli and Cire{\c{s}}an, Dan and Schmidhuber, J{\"u}rgen},
  booktitle={International Conference on Artificial Neural Networks},
  pages={52--59},
  year={2011},
  organization={Springer}
}

% DAC paper from Bokun
@inproceedings{chang2017deep,
  title={Deep adaptive image clustering},
  author={Chang, Jianlong and Wang, Lingfeng and Meng, Gaofeng and Xiang, Shiming and Pan, Chunhong},
  booktitle={Proceedings of the IEEE International Conference on Computer Vision},
  pages={5879--5887},
  year={2017}
}

% https://ieeexplore.ieee.org/iel7/7465907/7471614/07472622.pdf
@inproceedings{zeghidour2016deep,
  title={A deep scattering spectrumâ€”Deep Siamese network pipeline for unsupervised acoustic modeling},
  author={Zeghidour, Neil and Synnaeve, Gabriel and Versteegh, Maarten and Dupoux, Emmanuel},
  booktitle={2016 IEEE International Conference on Acoustics, Speech and Signal Processing (ICASSP)},
  pages={4965--4969},
  year={2016},
  organization={IEEE}
}

% Compare cost of popular CNN architectures
@article{canziani2016analysis,
  title={An analysis of deep neural network models for practical applications},
  author={Canziani, Alfredo and Paszke, Adam and Culurciello, Eugenio},
  journal={arXiv preprint arXiv:1605.07678},
  year={2016}
}

% k-means clustering
@inproceedings{kmeansmacqueen1967some,
  title={Some methods for classification and analysis of multivariate observations},
  author={MacQueen, James and others},
  booktitle={Proceedings of the fifth Berkeley symposium on mathematical statistics and probability},
  volume={1},
  number={14},
  pages={281--297},
  year={1967},
  organization={Oakland, CA, USA}
}

% GMM
@book{bishop2006pattern,
  title={Pattern recognition and machine learning},
  author={Bishop, Christopher M},
  year={2006},
  publisher={springer}
}

% Spectral Clustering Tutorial
% https://arxiv.org/pdf/0711.0189.pdf
@article{sc1von2007tutorial,
  title={A tutorial on spectral clustering},
  author={Von Luxburg, Ulrike},
  journal={Statistics and computing},
  volume={17},
  number={4},
  pages={395--416},
  year={2007},
  publisher={Springer}
}

% Spectral Clustering 2
% http://papers.nips.cc/paper/2388-learning-spectral-clustering.pdf
@inproceedings{sc2bach2004learning,
  title={Learning spectral clustering},
  author={Bach, Francis R and Jordan, Michael I},
  booktitle={Advances in neural information processing systems},
  pages={305--312},
  year={2004}
}

% Spectral Clustering 3
% http://papers.nips.cc/paper/2092-on-spectral-clustering-analysis-and-an-algorithm.pdf
@inproceedings{sc3ng2002spectral,
  title={On spectral clustering: Analysis and an algorithm},
  author={Ng, Andrew Y and Jordan, Michael I and Weiss, Yair},
  booktitle={Advances in neural information processing systems},
  pages={849--856},
  year={2002}
}

% SEC
% http://citeseerx.ist.psu.edu/viewdoc/download?doi=10.1.1.455.1959&rep=rep1&type=pdf
@article{secnie2011spectral,
  title={Spectral embedded clustering: A framework for in-sample and out-of-sample spectral clustering},
  author={Nie, Feiping and Zeng, Zinan and Tsang, Ivor W and Xu, Dong and Zhang, Changshui},
  journal={IEEE Transactions on Neural Networks},
  volume={22},
  number={11},
  pages={1796--1808},
  year={2011},
  publisher={IEEE}
}

% LDGMI
% https://www.researchgate.net/profile/Yi_Yang14/publication/43347966_Image_Clustering_Using_Local_Discriminant_Models_and_Global_Integration/links/0912f50f60435678c4000000.pdf
@article{yang2010image,
  title={Image clustering using local discriminant models and global integration},
  author={Yang, Yi and Xu, Dong and Nie, Feiping and Yan, Shuicheng and Zhuang, Yueting},
  journal={IEEE Transactions on Image Processing},
  volume={19},
  number={10},
  pages={2761--2773},
  year={2010},
  publisher={IEEE}
}

% An embedded clustering method
% http://citeseerx.ist.psu.edu/viewdoc/download?doi=10.1.1.707.56&rep=rep1&type=pdf
@inproceedings{nie2014clustering,
  title={Clustering and projected clustering with adaptive neighbors},
  author={Nie, Feiping and Wang, Xiaoqian and Huang, Heng},
  booktitle={Proceedings of the 20th ACM SIGKDD international conference on Knowledge discovery and data mining},
  pages={977--986},
  year={2014},
  organization={ACM}
}